@article{yujian2007normalized,
  title={A normalized Levenshtein distance metric},
  author={Yujian, Li and Bo, Liu},
  journal={IEEE transactions on pattern analysis and machine intelligence},
  volume={29},
  number={6},
  pages={1091--1095},
  year={2007},
  publisher={IEEE}
}
@article{moyotl2016metodo,
  title={M{\'e}todo de correcci{\'o}n ortogr{\'a}fica basado en la frecuencia de las letras.},
  author={Moyotl-Hern{\'a}ndez, Edgar},
  journal={Res. Comput. Sci.},
  volume={124},
  pages={145--156},
  year={2016}
}
@misc{ eswiki:157799255,
       author = "Wikipedia",
       title = "Distancia de Levenshtein --- Wikipedia{,} La enciclopedia libre",
       year = "2024",
       url = "\url{https://es.wikipedia.org/w/index.php?title=Distancia_de_Levenshtein&oldid=157799255}",
       note = "[Internet; descargado 28-enero-2024]"
}

@misc{ eswiki:160948078,
       author = "Wikipedia",
       title = "Algoritmo Smith-Waterman --- Wikipedia{,} La enciclopedia libre",
       year = "2024",
       url = "\url{https://es.wikipedia.org/w/index.php?title=Algoritmo_Smith-Waterman&oldid=160948078}",
       note = "[Internet; descargado 25-junio-2024]"
}

@online{zaidkhan15_levenshtein,
  author    = {zaidkhan15},
  title     = {Introduction to Levenshtein Distance},
  year      = {2024},
  url       = "\url{https://www.geeksforgeeks.org/introduction-to-levenshtein-distance/}",
  note      = {Accessed: 2024-01-31}
}

@article{mohammad2006occurrences,
  title={Occurrences algorithm for string searching based on brute-force algorithm},
  author={Mohammad, Ababneh and Saleh, Oqeili and Abdeen, Rawan A},
  journal={Journal of Computer Science},
  volume={2},
  number={1},
  pages={82--85},
  year={2006},
  publisher={Science Publications}
}
